@misc{Daten,
  author = {FlashScore},
  title = {Webseite mit Statistikdaten},
  howpublished = "\url{http://www.ergebnisselive.com/}",
  year = {2016}, 
  note = "[Online; accessed 29-Januar-2016]"
}

@misc{CasperJS,
  author = {CasperJS},
  title = {Software zum Extrahieren},
  howpublished = "\url{http://casperjs.org}",
  year = {2016}, 
  note = "[Online; accessed 29-Januar-2016]]"
}

@misc{Webkit,
  author = {PhantomJS},
  title = {WebKit},
  howpublished = "\url{http://phantomjs.org}",
  year = {2016}, 
  note = "[Online; accessed 29-Januar-2016]]"
}

@misc{Code,
  author = {Github},
  title = {Code f\"ur Projekt},
  howpublished = "\url{https://github.com/Arti09/Crossmedia}",
  year = {2016}, 
  note = "[Online; accessed 29-Januar-2016]]"
}